@String { ADVMATH  = {Adv. Comput. Math.} }
@String { ANM      = {Appl. Numer. Math.} }
@String { CAD      = {Computer Aided Design} }
@String { CAGD     = {Comput. Aided Geom. Des.} }
@String { CGF      = {Comput. Graph. Forum} }
@String { EG       = {Comput. Graph. Forum (EG)} }
@String { ENGCOM   = {Eng. Comput.} }
@String { IJNME    = {Int. J. Numer. Meth. Eng.} }
@String { IMR      = {Int. Meshing Roundtable} }
@String { MATHCOMP = {Math. Comput.} }
@String { PG       = {Comput. Graph. Forum (PG) } }
@String { SA       = {ACM Trans. Graph. (SIGGRAPH ASIA)} }
@String { SGP      = {Comput. Graph. Forum (SGP)} }
@String { SGPOLD   = {Symp. Geom. Proc.} }
@String { SIG      = {ACM Trans. Graph. (SIGGRAPH)} }
@String { TOG      = {ACM Trans. Graph.} }
@String { TVCG     = {IEEE. T. Vis. Comput. Gr.} }
@String { SPM     = {ACM Symp. on Solid and Physical Modeling} }

@article{liu2009centroidal,
  title={On centroidal voronoi tessellation—energy smoothness and fast computation},
  author={Liu, Yang and Wang, Wenping and L{\'e}vy, Bruno and Sun, Feng and Yan, Dong-Ming and Lu, Lin and Yang, Chenglei},
  journal={ACM Transactions on Graphics (ToG)},
  volume={28},
  number={4},
  pages={101},
  year={2009},
  publisher={ACM}
}

@inproceedings{yan2009isotropic,
  title={Isotropic remeshing with fast and exact computation of restricted Voronoi diagram},
  author={Yan, Dong-Ming and L{\'e}vy, Bruno and Liu, Yang and Sun, Feng and Wang, Wenping},
  booktitle={Computer graphics forum},
  volume={28},
  number={5},
  pages={1445--1454},
  year={2009},
  organization={Wiley Online Library}
}

@inproceedings{botsch2004remeshing,
  title={A remeshing approach to multiresolution modeling},
  author={Botsch, Mario and Kobbelt, Leif},
  booktitle={the 2004 Eurographics/ACM SIGGRAPH symposium on Geometry processing},
  pages={185--192},
  year={2004},
  organization={ACM}
}

@article{zhang2009surface,
  title={Surface smoothing and quality improvement of quadrilateral/hexahedral meshes with geometric flow},
  author={Zhang, Yongjie and Bajaj, Chandrajit and Xu, Guoliang},
  journal={Communications in Numerical Methods in Engineering},
  volume={25},
  number={1},
  pages={1--18},
  year={2009},
  publisher={Wiley Online Library}
}

@inproceedings{bommes2013quad,
  title={Quad-Mesh Generation and Processing: A Survey},
  author={Bommes, David and L{\'e}vy, Bruno and Pietroni, Nico and Puppo, Enrico and Silva, Claudio and Tarini, Marco and Zorin, Denis},
  booktitle={Computer Graphics Forum},
  volume={32},
  number={6},
  pages={51--76},
  year={2013},
  organization={Wiley Online Library}
}

@inproceedings{bommes2011global,
  title={Global structure optimization of quadrilateral meshes},
  author={Bommes, David and Lempfer, Timm and Kobbelt, Leif},
  booktitle={Computer Graphics Forum},
  volume={30},
  number={2},
  pages={375--384},
  year={2011},
  organization={Wiley Online Library}
}

@article{tarini2011simple,
  title={Simple quad domains for field aligned mesh parametrization},
  author={Tarini, Marco and Puppo, Enrico and Panozzo, Daniele and Pietroni, Nico and Cignoni, Paolo},
  journal={ACM Transactions on Graphics (TOG)},
  volume={30},
  number={6},
  pages={142},
  year={2011},
  publisher={ACM}
}

@article{remacle2012blossom,
  title={Blossom-Quad: A non-uniform quadrilateral mesh generator using a minimum-cost perfect-matching algorithm},
  author={Remacle, Jean-Fran{\c{c}}ois and Lambrechts, Jonathan and Seny, Bruno and Marchandise, Emilie and Johnen, Amaury and Geuzaine, Christophe and others},
  journal={International Journal for Numerical Methods in Engineering},
  volume={89},
  number={9},
  pages={1102--1119},
  year={2012}
}

@inproceedings{tarini2010practical,
  title={Practical quad mesh simplification},
  author={Tarini, Marco and Pietroni, Nico and Cignoni, Paolo and Panozzo, Daniele and Puppo, Enrico},
  booktitle={Computer Graphics Forum},
  volume={29},
  number={2},
  pages={407--418},
  year={2010},
  organization={Wiley Online Library}
}

@article{bern1992mesh,
  title={Mesh generation and optimal triangulation},
  author={Bern, Marshall and Eppstein, David},
  journal={Computing in Euclidean geometry},
  volume={1},
  pages={23--90},
  year={1992}
}

@article{teng2000unstructured,
  title={Unstructured mesh generation: Theory, practice, and perspectives},
  author={Teng, Shang-Hua and Wong, Chi Wai},
  journal={International Journal of Computational Geometry \& Applications},
  volume={10},
  number={03},
  pages={227--266},
  year={2000},
  publisher={World Scientific}
}

@article{Livesu:2015:Untangler,
author    = {Livesu, Marco and Sheffer, Alla and Vining, Nicholas and  Tarini, Marco},
title     = {Practical Hex-Mesh Optimization via Edge-Cone Rectification},
journal   = {Transactions on Graphics (Proc. SIGGRAPH 2015)},
year      = {2015},
volume    = {34},
number    = {4},
doi       = {10.1145/2766905},
publisher = {ACM}
}

@article{ruppert1995delaunay,
  title={A Delaunay refinement algorithm for quality 2-dimensional mesh generation},
  author={Ruppert, Jim},
  journal={Journal of algorithms},
  volume={18},
  number={3},
  pages={548--585},
  year={1995},
  publisher={Elsevier}
}

@article{amenta1999optimal,
  title={Optimal point placement for mesh smoothing},
  author={Amenta, Nina and Bern, Marshall and Eppstein, David},
  journal={Journal of Algorithms},
  volume={30},
  number={2},
  pages={302--322},
  year={1999},
  publisher={Elsevier}
}

@article{shewchuk2011unstructured,
  title={Unstructured mesh generation},
  author={Shewchuk, Jonathan Richard},
  journal={Combinatorial Scientific Computing},
  pages={259--297},
  year={2011}
}

@article{eppstein2001global,
  title={Global optimization of mesh quality},
  author={Eppstein, David},
  journal={Tutorial at the 10th International Meshing Roundtable},
  volume={10},
  pages={13},
  year={2001}
}

@inproceedings{owen1998survey,
  title={\href{http://ima.udg.edu/~sellares/ComGeo/OwenSurv.pdf}{A Survey of Unstructured Mesh Generation Technology}},
  author={Owen, Steven J},
  booktitle=IMR,
  pages={239--267},
  year={1998}
}

@article{shimada2006current,
  title={\href{http://citeseerx.ist.psu.edu/viewdoc/download?doi=10.1.1.93.8853&rep=rep1&type=pdf}{Current trends and issues in automatic mesh generation}},
  author={Shimada, Kenji},
  journal={Computer-Aided Design and Applications},
  volume={3},
  number={6},
  pages={741--750},
  year={2006},
}

@article{shepherd2008hexahedral,
  title={\href{http://citeseerx.ist.psu.edu/viewdoc/download?doi=10.1.1.140.1382&rep=rep1&type=pdf}{Hexahedral mesh generation constraints}},
  author={Shepherd, Jason F and Johnson, Chris R},
  journal={Engineering with Computers},
  volume={24},
  number={3},
  pages={195--213},
  year={2008},
  publisher={Springer}
}

@inproceedings{shepherd2000methods,
  title={Methods For Multisweep Automation},
  author={Shepherd, Jason and Mitchell, Scott A and Knupp, Patrick and White, David},
  year={2000},
  booktitle=IMR,
}

@inproceedings{staten2005unconstrained,
  title={\href{http://www.eecs.berkeley.edu/~jrs/meshpapers/StatenOwenBlacker.pdf}{Unconstrained paving \& plastering: A new idea for all hexahedral mesh generation}},
  author={Staten, Matthew L and Owen, Steven J and Blacker, Ted D},
  booktitle={the 14th International Meshing Roundtable},
  pages={399--416},
  year={2005},
  organization={Springer}
}

@article{sheffer1999hexahedral,
  title={Hexahedral mesh generation using the embedded Voronoi graph},
  author={Sheffer, Alla and Etzion, Michal and Rappoport, Ari and Bercovier, Michel},
  journal={Engineering with computers},
  volume={15},
  number={3},
  pages={248--262},
  year={1999},
  publisher={Springer}
}

@inproceedings{carbonera2006constructive,
  title={A constructive approach to constrained hexahedral mesh generation},
  author={Carbonera, Carlos D and Shepherd, Jason F},
  booktitle={the 15th international meshing roundtable},
  pages={435--452},
  year={2006},
  organization={Springer}
}

@Article{Si2015,
  author =     {Si, Hang},
  title =      {\href{http://wias-berlin.de/software/tetgen/}{TetGen, a Delaunay-Based quality tetrahedral mesh generator}},
  journal =    {ACM Trans. Math. Softw.},
  year =       {2015},
  volume =     {41},
  number =     {2},
  pages =      {11:1--11:36},
  acmid =      {2629697},
  address =    {New York, NY, USA},
  articleno =  {11},
  issn =       {0098-3500},
  issue_date = {January 2015},
  numpages =   {36},
  publisher =  {ACM}
}

@inproceedings{chen2012isotropic,
  title={Isotropic surface remeshing using constrained centroidal Delaunay mesh},
  author={Chen, Zhonggui and Cao, Juan and Wang, Wenping},
  booktitle={Computer Graphics Forum},
  volume={31},
  number={7},
  pages={2077--2085},
  year={2012},
  organization={Wiley Online Library}
}

@incollection{marechal2009,
  title={\href{https://www.rocq.inria.fr/gamma/Loic.Marechal/Downloads/imr18.pdf}{Advances in octree-based all-hexahedral mesh generation: handling sharp features}},
  author={Mar{\'e}chal, Lo{\"\i}c},
  booktitle={the 18th International Meshing Roundtable},
  pages={65--84},
  year={2009}
}

@phdthesis{shepherd2007,
  title={\href{http://www.sci.utah.edu/publications/shepherd07/thesis.pdf}{Topologic and geometric constraint-based hexahedral mesh generation}},
  author={Shepherd, Jason F},
  year={2007},
  school={The University of Utah}
}

@InProceedings{Eppstein2010,
  Title                    = {\href{http://alexandria.tue.nl/openaccess/Metis239512.pdf}{Steinitz Theorems for Orthogonal Polyhedra}},
  Author                   = {Eppstein, David and Mumford, Elena},
  Booktitle                = {the Twenty-sixth Annual Symposium on Computational Geometry},
  Year                     = {2010},
  Pages                    = {429--438}
}

@article {Nieser2011,
journal = {Computer Graphics Forum},
title = {\href{http://www.mi.fu-berlin.de/en/math/groups/ag-geom/publications/db/2011_Nieser-Reitebuch-Polthier_CubeCover.pdf}{CubeCover - Parameterization of 3D Volumes}},
author = {Nieser, Matthias and Reitebuch, Ulrich and Polthier, Konrad},
year = {2011},
}

@InProceedings{Lin2008,
  author =    {Lin, Juncong and Jin, Xiaogang and Fan, Zhengwen and Wang, Charlie CL},
  title =     {\href{http://rd.springer.com/chapter/10.1007\%2F978-3-540-79246-8_1?LI=true}{Automatic PolyCube-maps}},
  booktitle = {Advances in Geometric Modeling and Processing},
  year =      {2008},
  pages =     {3--16}
}

@TechReport{Sokolov2015,
  Title                    = {\href{https://hal.inria.fr/hal-01211408/document}{Fixing normal constraints for generation of PolyCubes}},
  Author                   = {Dmitry Sokolov and Nicolas Ray},
  Institution              = {LORIA},
  Year                     = {2015}
}

@Article{He2009,
  Title                    = {\href{http://www3.cs.stonybrook.edu/~qin/research/2009-automatic-polycube.pdf}{A divide-and-conquer approach for automatic PolyCube map construction}},
  Author                   = {He, Ying and Wang, Hongyu and Fu, Chi-Wing and Qin, Hong},
  Journal                  = {Computers \& Graphics},
  Year                     = {2009},
  Number                   = {3},
  Pages                    = {369--380},
  Volume                   = {33}
}

@InProceedings{HanXiaHe2010,
  author =    {Han, Shuchu and Xia, Jiazhi and He, Ying},
  title =     {\href{http://www.researchgate.net/profile/Ying_He6/publication/221115524_Hexahedral_shell_mesh_construction_via_volumetric_polycube_map/links/02bfe510f68989ba60000000.pdf}{Hexahedral shell mesh construction via volumetric Polycube map}},
  booktitle = SPM,
  year =      {2010},
  pages =     {127--136},
}

@InProceedings{LiGuoWangEtAl2007,
  author =    {X. Li and X. Guo and H. Wang and Y. He and X. Gu and H. Qin},
  title =     {\href{http://www.ece.lsu.edu/xinli/Research/XinLiSPM07.pdf}{Harmonic volumetric mapping for solid modeling applications}},
  booktitle = SPM,
  year =      {2007},
  pages =     {109--120},
  isbn =      {978-1-59593-666-0}
}

@Article{Yao2008,
  Title                    = {\href{http://graphics.csie.ncku.edu.tw/Paper_Video/TVCG/AGIM/IEEE_AGIM_camera_ready_02_27_lee.pdf}{Adaptive geometry image}},
  Author                   = {Yao, Chih-Yuan and Lee, Tong-Yee},
  Journal                  = TVCG,
  Year                     = {2008},
  Number                   = {4},
  Pages                    = {948--960},
  Volume                   = {14}
}

@Article{Chang2010,
  Title                    = {\href{https://ir.nctu.edu.tw/bitstream/11536/6288/1/000274348800021.pdf}{Texture tiling on 3D models using automatic PolyCube-maps and wang tiles}},
  Author                   = {Chang, Chin-Chen and Lin, Chen-Yu},
  Journal                  = {Journal of Information Science and Engineering},
  Year                     = {2010},
  Number                   = {1},
  Pages                    = {291--305},
  Volume                   = {26}
}

@InProceedings{Xia2011,
  author =    {Xia, Jiazhil and Garcia, Ismael and He, Ying and Xin, Shi-Qing and Patow, Gustavo},
  title =     {\href{http://ggg.udg.edu/publicacions/UsersWebs/igarcia_epcm_i3d2011/epc_i3d_preprint_high.pdf}{Editable polycube map for GPU-based subdivision surfaces}},
  booktitle = {Symp. on Interactive 3D Graphics and Games},
  year =      {2011},
  series =    {I3D '11},
  pages =     {151--158}
}

@Article{Livesu2013,
  Title                    = {\href{http://www.cs.ubc.ca/labs/imager/tr/2013/polycut/downloads/polycut.pdf}{Polycut: monotone graph-cuts for PolyCube base-complex construction}},
  Author                   = {Livesu, Marco and Vining, Nicholas and Sheffer, Alla and Gregson, James and Scateni, Riccardo},
  Journal                  = SA,
  Year                     = {2013},
  Number                   = {6},
  Pages                    = {171:1--171:12},
  Volume                   = {32}
}

@Article{Tarini2004,
  Title                    = {\href{http://www.cs.upc.edu/~pere/PapersWeb/SGI/PolycubeMaps.pdf}{PolyCube-Maps}},
  Author                   = {Tarini, Marco and Hormann, Kai and Cignoni, Paolo and Montani, Claudio},
  Journal                  = SIG,
  Year                     = {2004},
  Number                   = {3},
  Pages                    = {853--860},
  Volume                   = {23}
}

@incollection{Alliez2008,
  Title                     ={Recent advances in remeshing of surfaces},
  Author                    ={Alliez, Pierre and Ucelli, Giuliana and Gotsman, Craig and Attene, Marco},
  Booktitle                 ={Shape analysis and structuring},
  Pages                     ={53--82},
  Year                      ={2008}
}

@article{Liu2013,
Author                      = {Liu, Yang and Pan, Hao and Snyder, John and Wang, Wenping and Guo, Baining},
Title                       = {\href{http://research.microsoft.com/en-us/um/people/yangliu/publication/selfsupporting.pdf}{Computing self-supporting surfaces by regular triangulation}},
Journal                     = SIG,
Volume                      = {32},
Number                      = {4},
Year                        = {2013},
Pages                       = {92:1--92:10},
}

@article{Mullen2011,
 Author                     = {Mullen, Patrick and Memari, Pooran and de Goes, Fernando and Desbrun, Mathieu},
 Title                      = {\href{http://www.geometry.caltech.edu/pubs/MMdGD11.pdf}{HOT: Hodge-optimized triangulations}},
 Journal                    = SIG,
 Volume                     = {30},
 Number                     = {4},
 Year                       = {2011},
 Pages                      = {103:1--103:12},
}

@article{Amari2014,
 Author                     = {Amari, Shun-ichi and Armstrong, John},
 Title                      = {\href{http://www.geometry.caltech.edu/pubs/MMdGD11.pdf}{Curvature of Hessian mnifolds}},
 Journal                    = {Differential Geom. Appl.},
 Number                     = {33},
 Pages                      = {1--12},
 Year                       = {2014},
}

@BOOK{Zienkiewicz2005,
Author                      = {Olek C Zienkiewicz and Robert L Taylor and J.Z. Zhu},
Title                       = {\href{http://www.sciencedirect.com/science/book/9780750664318}{The Finite Element Method: Its Basis and Fundamentals}},
Publisher                   = {Butterworth-Heinemann},
Year                        = {2005},
Edition                     = {6}
}

@article{Canas2011,
 Author                     = {Canas, Guillermo D. and Gortler, Steven J.},
 Title                      = {\href{http://www.cs.harvard.edu/~sjg/papers/avd.pdf}{Orphan-free anisotropic Voronoi diagrams}},
 Journal                    = {Discrete Comput. Geom.},
 Volume                     = {46},
 Number                     = {3},
 Year                       = {2011},
 Pages                      = {526--541},
}

@ARTICLE{Persson2004,
Author                      = {Per-Olof Persson and Gilbert Strang},
Title                       = {\href{http://persson.berkeley.edu/distmesh/persson04mesh.pdf}{A simple mesh generator in {MATLAB}}},
Journal                     = {SIAM Rev.},
Year                        = {2004},
Volume                      = {46},
Pages                       = {329--345},
}

@ARTICLE{Levy2010,
Author                      = {Bruno L\'{e}vy and Yang Liu},
Title                       = {\href{http://research.microsoft.com/en-us/um/people/yangliu/publication/119-levy.pdf}{$L_p$ centroidal Voronoi tessellation and its applications}},
Journal                     = SIG,
Year                        = {2010},
Volume                      = {29},
Number                      = {4},
Pages                       = {119:1--119:11}
}

@INPROCEEDINGS{levy2012,
AUTHOR                      = "Bruno L\'{e}vy and Nicolas Bonneel",
TITLE                       = "\href{http://alice.loria.fr/publications/papers/2012/Vorpaline_IMR/vorpaline.pdf}{Variational anisotropic surface meshing with Voronoi parallel linear enumeration}",
BOOKTITLE                   = IMR,
YEAR                        = {2012},
pages                       = {349--366}
}

@inproceedings{Cheng2006,
 Author                     = {Cheng, Siu-Wing and Dey, Tamal K. and Ramos, Edgar A. and Wenger, Rephael},
 Title                      = {\href{http://repository.ust.hk/ir/bitstream/1783.1-2601/1/scheng.pdf}{Anisotropic surface meshing}},
 Booktitle                  = {SODA},
 Year                       = {2006},
 Pages                      = {202--211},
}

@BOOK{Thompson1998,
Editor                      = {Joe F. Thompson and Bharat K. Soni and Nigel P. Weatherill},
Title                       = {\href{http://www.crcnetbase.com/isbn/9781420050349}{Handbook of Grid Generation}},
Publisher                   = {Wiley-ISTE},
Year                        = {1998},
}

@BOOK{Frey2008,
Author                      = {Pascal Frey and Paul-Louis George},
Title                       = {\href{http://www.iste.co.uk/index.php?f=a&ACTION=View&id=217}{Mesh Generation : Application to finite elements}},
Publisher                   = {Wiley-ISTE},
Year                        = {2008},
Edition                     = {2},
}

@Article{Shimada2000,
Author                      = {Kenji Shimada and Atsushi Yamada and Takayuki Itoh},
Title                       = {\href{http://www.researchgate.net/publication/220669783_Anisotropic_Triangulation_of_Parametric_Surfaces_via_Close_Packing_of_Ellipsoids/file/60b7d518a57da08fa7.pdf}{Anisotropic triangulation of parametric surfaces via close packing of ellipsoids}},
Journal                     = {Int. J. Comput. Geom. Ap.},
Volume                      = {10},
Number                      = {4},
Pages                       = {417--440},
Year                        = {2000},
}

@article{Du2005,
Author                      = {Du, Qiang and Wang, Desheng},
Title                       = {\href{http://www1.spms.ntu.edu.sg/~desheng/dwacvt.pdf}{Anisotropic centroidal {V}oronoi tessellations  and their applications}},
Journal                     = {SIAM J. Sci. Comput.},
Volume                      = {26},
Number                      = {3},
Year                        = {2005},
Pages                       = {737--761},
}

@Article{Fu2015,
  Title                    = {\href{https://app.box.com/s/h6650u6vnxf581hl2rodr3enzf7silex}{Computing locally injective mappings by advanced MIPS}},
  Author                   = {Fu, Xiao-Ming and Liu, Yang and Guo, Baining},
  Journal                  = SIG,
  Year                     = {2015},
  Number                   = {4},
  Pages                    = {71:1--71:12},
  Volume                   = {34}
}

@ARTICLE{Chen2004,
Author                      = {Long Chen and Jinchao Xu},
Title                       = {\href{http://math.uci.edu/~chenlong/Papers/Chen.L\%3BXu.J2004.pdf}{Optimal Delaunay triangulations}},
Journal                     = {J. Comput. Math.},
Year                        = {2004},
Volume                      = {22},
Pages                       = {299--308}
}

@INPROCEEDINGS{Chen2004a,
Author                      = {Long Chen},
Title                       = {\href{http://www.math.uci.edu/~chenlong/Papers/Chen.L2004.pdf}{Mesh smoothing schemes based on optimal Delaunay triangulations}},
Booktitle                   = IMR,
Year                        = {2004},
Pages                       = {109--120},
}

@ARTICLE{Chen2007,
Author                      = {Long Chen and Pengtao Sun and Jinchao Xu},
Title                       = {\href{http://www.ams.org/journals/mcom/2007-76-257/S0025-5718-06-01896-5/S0025-5718-06-01896-5.pdf}{Optimal anisotropic meshes for minimizing interpolation errors in $L^p$-norm}},
Journal                     = {Math. Comp.},
Year                        = {2007},
Volume                      = {76},
Pages                       = {179--204}
}

@article{Chen2011,
Author                      = {Chen, Long and Holst, Michael},
Title                       = {\href{http://www.math.uci.edu/~chenlong/Papers/Chen.L\%3BHolst.M2010.pdf}{Efficient mesh optimization schemes based on optimal Delaunay triangulations} },
Journal                     = {Comput. Methods in Appl. Mech. Eng.},
Volume                      = {200},
Number                      = {9–12},
Pages                       = {967--984},
Year                        = {2011},
}

@ARTICLE{Alliez2005,
Author                      = {Alliez, Pierre and Cohen-Steiner, David and Yvinec, Mariette and Desbrun, Mathieu},
Title                       = {\href{http://geometry.caltech.edu/pubs/ACYD05.pdf}{Variational tetrahedral meshing}},
Journal                     = SIG,
Year                        = {2005},
Volume                      = {24},
Pages                       = {617--625},
number                      = {3}
}

@INPROCEEDINGS {Desbrun2013,
Title                       = {\href{http://www.geometry.caltech.edu/pubs/DDO12.pdf}{Modeling across scales: discrete geometric structures in homogenization and inverse homogenization}},
Author                      = {Desbrun, Mathieu and Donaldson, Roger D. and Owhadi, Houman},
Booktitle                   = {Multiscale Analysis and Nonlinear Dynamics},
Year                        = {2013},
Pages                       = {19--64},
}

@Inproceedings{Klingner2007,
  Title                     = {\href{http://www.cs.berkeley.edu/b-cam/Papers/Klingner-2007-ATM.pdf}{Agressive tetrahedral mesh improvement}},
  Booktitle                 = IMR,
  Author                    = {Bryan Matthew Klingner and Jonathan Richard Shewchuk},
  Month                     = oct,
  Year                      = 2007,
  Pages                     = {3--23},
}

@inproceedings{Tournois2009a,
Author                      = {Jane Tournois and Rahul Srinivasan and Pierre Alliez},
Title                       = {\href{http://imr.sandia.gov/papers/imr18/Tournois.pdf}{Perturbing slivers in 3D Delaunay meshes}},
Year                        = 2009,
Pages                       = {157--173},
Booktitle                   = IMR,
}

@inproceedings{Dobrzynski2008,
Year                        ={2008},
Booktitle                   =IMR,
Title                       ={\href{http://www.ann.jussieu.fr/~frey/publications/imrDF2.pdf}{Anisotropic Delaunay mesh adaptation for unsteady simulations}},
Author                      ={Dobrzynski, C. and Frey, P.},
Pages                       ={177--194}
}

@article{Zhong2013,
Author                      = {Zhong, Zichun and Guo, Xiaohu and Wang, Wenping and L{\'e}vy, Bruno and Sun, Feng and Liu, Yang and Mao, Weihua},
Title                       = {\href{http://www.utdallas.edu/~zxz082020/Final_PASM.pdf}{Particle-based anisotropic surface meshing}},
Journal                     = SIG,
Volume                      = {32},
Number                      = {4},
Year                        = {2013},
Pages                       = {99:1--99:14},
}

@ARTICLE{Valette2008,
Author                      = {Valette, S. and Chassery, J.-M. and Prost, R.},
Journal                     = TVCG,
Title                       = {\href{http://www.creatis.insa-lyon.fr/~valette/pub/VCP08TVCG.pdf}{Generic remeshing of 3D triangular meshes with metric-dependent discrete Voronoi diagrams}},
Year                        = {2008},
Volume                      = {14},
Number                      = {2},
Pages                       = {369-381},
}

@TECHREPORT{Boissonnat2011,
Author                      = {Boissonnat, Jean-Daniel and Wormser, Camille and Yvinec, Mariette},
Title                       = {\href{http://hal.inria.fr/docs/00/61/54/86/PDF/RR-7712.pdf}{Anisotropic Delaunay mesh generation}},
Institution                 = {INRIA},
Year                        = {2011},
Note                        = {INRIA-00615486},
}

@article{Boissonnat2013,
Author                      = {Jean-Daniel Boissonnat and Kan-Le Shi and Jane Tournois and Mariette Yvinec},
Title                       = {\href{ftp://ftp-sop.inria.fr/geometrica/boissonnat/Papers/aniso-acmtog.pdf}{Anisotropic Delaunay meshes of surfaces}},
Journal                     = TOG,
Volume                      = {34},
Number                      = {2},
Year                        = {2015},
Pages                       = {14},
}

@MISC{Hecht1998,
  Author                    = { Fr\'{e}d\'{e}ric Hecht },
  Title                     = {{BAMG: Bidimensional anisotropic mesh generator}},
  Year                      = {1998},
  Note                      = {http://www.ann.jussieu.fr/~hecht/ftp/bamg}
}

@ARTICLE{Yan2009,
Author                      = {Yan, Dong-Ming and L\'{e}vy, Bruno and Liu, Yang and Sun, Feng and Wang, Wenping},
Title                       = {\href{http://research.microsoft.com/en-us/UM/people/yangliu/publication/Isotropic\%20Remeshing\%20with\%20Fast\%20and\%20Exact\%20Computation\%20of\%20Restricted\%20Voronoi\%20Diagram.pdf}{Isotropicremeshing with fast and exact computation of restricted Voronoi diagram}},
Journal                     = CGF,
Year                        = {2009},
Volume                      = {28},
Pages                       = {1445--1454},
Number                      = {5}
}

@inproceedings{Rusinkiewicz2004,
 Author                     = {Rusinkiewicz, Szymon},
 Title                      = {\href{http://gfx.cs.princeton.edu/pubs/_2004_ECA/curvpaper.pdf}{Estimating curvatures and their derivatives on triangle meshes}},
 Booktitle                  = {3DPVT},
 Year                       = {2004},
 Pages                      = {486--493},
}

@MISC{Shewchuk2002,
Author                      = {Shewchuk, J. R.},
Title                       = {\href{http://www.cs.berkeley.edu/~jrs/papers/elemj.pdf}{What is a good linear finite element? Interpolation, conditioning, anisotropy, and quality measures}},
Year                        = {2002},
}

@inproceedings{Labelle2003,
Author                      = {Labelle, Francois and Shewchuk, Jonathan Richard},
Title                       = {\href{http://www.cs.berkeley.edu/~jrs/papers/aniso.pdf}{Anisotropic Voronoi diagrams and guaranteed-quality anisotropic mesh generation}},
Booktitle                   = {SOCG},
Year                        = {2003},
Pages                       = {191--200},
}

@TECHREPORT{Boissonnat2008a,
Author                      = {Jean-Daniel Boissonnat and David Cohen-Steiner and Mariette Yvinec},
Title                       = {\href{http://citeseerx.ist.psu.edu/viewdoc/download?doi=10.1.1.153.6908&rep=rep1&type=pdf}{Comparison of algorithms for anisotropic meshing and adaptive refinement}},
Institution                 = {INRIA},
Year                        = {2008},
Note                        = {ACS-TR-362603},
}

@inproceedings{Boissonnat2008,
Author                      = {Boissonnat, Jean-Daniel and Wormser, Camille and Yvinec, Mariette},
Title                       = {\href{ftp://ftp-sop.inria.fr/geometrica/yvinec/Papers/aniso-socg08.pdf}{Locally uniform anisotropic meshing}},
Booktitle                   = {SOCG},
Year                        = {2008},
Pages                       = {270--277},
}

@article{Jiao2010,
Author                      = {Jiao, Xiangmin and Colombi, Andrew and Ni, Xinlai and Hart, John},
Title                       = {\href{http://jiao.ams.sunysb.edu/papers/animeshadapt.pdf}{Anisotropic mesh adaptation for evolving triangulated surfaces}},
Journal                     = {Eng. with Comput.},
Volume                      = {26},
Number                      = {4},
Year                        = {2010},
Pages                       = {363--376},
}


@Article{Aigerman2013,
  Title                    = {\href{http://www.wisdom.weizmann.ac.il/~noamaig/papers/bd3d_lowres.pdf}{Injective and bounded distortion mappings in 3D}},
  Author                   = {Aigerman, Noam and Lipman, Yaron},
  Journal                  = SIG,
  Year                     = {2013},
  Number                   = {4},
  Pages                    = {106:1--106:14},
  Volume                   = {32}
}

@Article{Aigerman2014,
  Title                    = {\href{http://www.wisdom.weizmann.ac.il/~noamaig/html/projects/lifted/lifted.pdf}{Lifted bijections for low distortion surface mappings}},
  Author                   = {Aigerman, Noam and Poranne, Roi and Lipman, Yaron},
  Journal                  = SIG,
  Year                     = {2014},
  Number                   = {4},
  Pages                    = {69:1--69:12},
  Volume                   = {33}
}

@InProceedings{Alexa2000,
  Title                    = {\href{http://www.cs.tau.ac.il/~dcor/online_papers/papers/arap.pdf}{As-rigid-as-possible shape interpolation}},
  Author                   = {Alexa, Marc and Cohen-Or, Daniel and Levin, David},
  Booktitle                = {SIGGRAPH},
  Year                     = {2000},
  Pages                    = {157--164}
}

@Article{Amenta1999,
  Title                    = {\href{http://www.cs.ucdavis.edu/~amenta/pubs/smooth.pdf}{Optimal point placement for mesh smoothing}},
  Author                   = {Amenta, Nina and Bern, Marshall and Eppstein, David},
  Journal                  = {J. Algorithms},
  Year                     = {1999},
  Number                   = {2},
  Pages                    = {302--322},
  Volume                   = {30}
}

@Article{Aurenhammer1987,
  Title                    = {\href{http://epubs.siam.org/doi/abs/10.1137/0216006}{Power diagrams: properties, algorithms and applications}},
  Author                   = {Aurenhammer, F.},
  Journal                  = {SIAM J. Comput.},
  Year                     = {1987},
  Number                   = {1},
  Pages                    = {78--96},
  Volume                   = {16}
}

@Article{Aurenhammer1987a,
  Title                    = {\href{http://www.springerlink.com/index/P166645124788127.pdf}{ A criterion for the affine equivalence of cell complexes in $R^d$ and convex polyhedra in $R^{d+1}$}},
  Author                   = {Aurenhammer, F.},
  Journal                  = {Discrete Comp. Geom.},
  Year                     = {1987},
  Pages                    = {49--64},
  Volume                   = {2}
}

@Article{Ben-Chen2008,
  author                    = {Ben-Chen, Mirela and Gotsman, Craig and Bunin, Guy},
  title                     = {\href{http://www.cs.technion.ac.il/~gotsman/AmendedPubl/Miri/EG08_Conf.pdf}{Conformal flattening by curvature prescription and metric scaling}},
  journal                   = EG,
  year                      = {2008},
  volume                    = {27},
  number                    = {2},
  pages                     = {449--458},
  issn                      = {1467-8659},
  publisher                 = {Blackwell Publishing Ltd}
}

@Article{BenChen2009,
  Title                    = {\href{http://sites.fas.harvard.edu/~cs277/papers/vhm.pdf}{Variational harmonic maps for space deformation}},
  Author                   = {Ben-Chen, Mirela and Weber, Ofir and Gotsman, Craig},
  Journal                  = SIG,
  Year                     = {2009},
  Number                   = {3},
  Pages                    = {34:1--34:11},
  Volume                   = {28}
}

@Article{Bhowmick2010,
  Title                    = {\href{http://www.sciencedirect.com/science/article/pii/S1877050910000402}{Towards high-quality, untangled meshes via a force-directed graph embedding approach}},
  Author                   = {Bhowmick, Sanjukta and Shontz, Suzanne M},
  Journal                  = {Procedia Computer Science},
  Year                     = {2010},
  Number                   = {1},
  Pages                    = {357--366},
  Volume                   = {1}
}

@Article{Bonettini2011,
  Title                    = {\href{http://dm.unife.it/~bonettini/paperi/Bonettini_2011.pdf}{Inexact block coordinate descent methods with application to non-negative matrix factorization}},
  Author                   = {Bonettini, Silvia},
  Journal                  = {IMA J. Numer. Anal.},
  Year                     = {2011},
  Number                   = {4},
  Pages                    = {1431--1452},
  Volume                   = {31}
}

@Article{bookstein1989,
  Title                    = {\href{http://user.engineering.uiowa.edu/~aip/papers/bookstein-89.pdf}{Principal warps: Thin-plate splines and the decomposition of deformations} },
  Author                   = {Bookstein, Fred L.},
  Journal                  = {IEEE Trans. Pattern Anal. Mach. Intell.},
  Year                     = {1989},
  Pages                    = {567--585},
  Volume                   = {11}
}

@Article{Botsch2008,
  Title                    = {\href{http://sites.fas.harvard.edu/~cs277/papers/deformation_survey.pdf}{On linear variational surface deformation methods}},
  Author                   = {Botsch, Mario and Sorkine, Olga},
  Journal                  = TVCG,
  Year                     = {2008},
  Number                   = {1},
  Pages                    = {213--230},
  Volume                   = {14}
}

@Book{Botsch2010,
  Title                    = {\href{http://www.pmp-book.org/}{Polygon Mesh Processing}},
  Author                   = {Mario Botsch and Leif Kobbelt and Mark Pauly and Pierre Alliez and Bruno L\'{e}vy},
  Publisher                = {A K Peters/CRC Press },
  Year                     = {2010}
}

@InProceedings{Brewer2003,
  Title                    = {\href{http://www.imr.sandia.gov/papers/imr12/brewer03.pdf}{The mesquite mesh quality improvement toolkit}},
  Author                   = {Michael Brewer and Lori Freitag Diachin and Patrick Knupp and Thomas Leurent and Darryl Melander},
  Booktitle                = IMR,
  Year                     = {2003},
  Pages                    = {239--250}
}

@Article{Cassioli2013,
  Title                    = {\href{http://www.sciencedirect.com/science/article/pii/S0377221713004669}{On the convergence of inexact block coordinate descent methods for constrained optimization}},
  Author                   = {Cassioli, Andrea and Di Lorenzo, D and Sciandrone, Marco},
  Journal                  = {Eur. J. Oper. Res.},
  Year                     = {2013},
  Number                   = {2},
  Pages                    = {274-281},
  Volume                   = {231}
}

@Article{Chao2010,
  Title                    = {\href{http://www.multires.caltech.edu/pubs/GeomElastic.pdf}{A simple geometric model for elastic deformations}},
  Author                   = {Chao, Isaac and Pinkall, Ulrich and Sanan, Patrick and Schr\"{o}der, Peter},
  Journal                  = SIG,
  Year                     = {2010},
  Number                   = {4},
  Pages                    = {38:1--38:6},
  Volume                   = {29}
}

@article{Chen2015,
 Author                     = {Chen, Renjie and Weber, Ofir},
 Title                      = {\href{https://people.mpi-inf.mpg.de/~chen/papers/bdhm.pdf}{Bounded Distortion Harmonic Mappings in the Plane}},
 Journal                    = SIG,
 Volume                     = {34},
 Number                     = {4},
 Year                       = {2015},
 Pages                      = {73:1--73:12},
}

@Article{Crane2011,
  Title                    = {\href{http://www.cs.columbia.edu/~keenan/Projects/SpinTransformations/paper.pdf}{Spin transformations of discrete surfaces}},
  Author                   = {Crane, Keenan and Pinkall, Ulrich and Schr\"{o}der, Peter},
  Journal                  = SIG,
  Year                     = {2011},
  Pages                    = {104:1--104:10},
  Volume                   = {30},
  Issue                    = {4}
}

@Article{Crane2013,
  Title                    = {\href{http://www.multires.caltech.edu/pubs/ConformalFlow.pdf}{Robust fairing via conformal curvature flow}},
  Author                   = {Crane, Keenan and Pinkall, Ulrich and Schr\"{o}der, Peter},
  Journal                  = SIG,
  Year                     = {2013},
  Pages                    = {61:1--61:10},
  Volume                   = {32},
  Issue                    = {4}
}

@InProceedings{Degener2003,
  Title                    = {\href{http://www.cg.cs.uni-bonn.de/docs/publications/2003/degener-2003-adaptable.pdf}{An adaptable surface parameterization method}},
  Author                   = {P. Degener and J. Meseth and R. Klein},
  Booktitle                = IMR,
  Year                     = {2003},
  Pages                    = {201--213}
}

@Article{Diachin2006,
  Title                    = {\href{http://www.mcs.anl.gov/~tmunson/papers/comparison2.pdf}{A comparison of two optimization methods for mesh quality improvement}},
  Author                   = {Freitag Diachin, Lori and Knupp, Patrick and Munson, Todd and Shontz, Suzanne},
  Journal                  = {Eng. with Comput.},
  Year                     = {2006},
  Number                   = {2},
  Pages                    = {61--74},
  Volume                   = {22}
}

@Article{Diamanti2015,
  Title                    = {\href{http://igl.ethz.ch/projects/integrable/integrable-polyvector-fields.pdf}{Integrable PolyVector fields}},
  Author                   = {Diamanti, Olga and Vaxman, Amir and Panozzo, Daniele and Sorkine-Hornung, Olga},
  Journal                  = SIG,
  Year                     = {2015},
  Number                   = {4},
  Pages                    = {38:1--38:12},
  Volume                   = {34}
}

@Article{Eigensatz2009,
  Title                    = {\href{http://data.agg.ethz.ch/publications/2009/eigensatz_2009_PMC.pdf}{Positional, Metric, and Curvature Control for Constraint-Based Surface Deformation}},
  Author                   = {Michael Eigensatz and Mark Pauly},
  Journal                  = EG,
  Year                     = {2009},
  Number                   = {2},
  Pages                    = {551-558},
  Volume                   = {28}
}

@Misc{eigenweb,
  Title                    = {Eigen v3},
  Author                   = {Ga\"{e}l Guennebaud and Beno\^{i}t Jacob and others},
  HowPublished             = {http://eigen.tuxfamily.org},
  Year                     = {2010}
}

@Article{Escobar2003,
  Title                    = {\href{http://www.dca.iusiani.ulpgc.es/proyecto0507/pdfnuevo/sustmfinal.pdf}{Simultaneous untangling and smoothing of tetrahedral meshes}},
  Author                   = {J.M. Escobar and E. Rodr\'{i}guez and R. Montenegro and G. Montero and J.M. Gonz\'{a}lez-Yuste},
  Journal                  = {Comput. Methods Appl. Mech. Engrg.},
  Year                     = {2003},
  Pages                    = {2775--2787},
  Volume                   = {192}
}

@Article{Floater2003,
  Title                    = {\href{http://www.mn.uio.no/math/english/people/aca/michaelf/papers/one-to-one.pdf}{One-to-one piecewise linear mappings over triangulations}},
  Author                   = {Michael S. Floater},
  Journal                  = MATHCOMP,
  Year                     = {2003},
  Pages                    = {685--696},
  Volume                   = {72}
}

@Article{Floater2003mean,
  Title                    = {\href{http://www.mn.uio.no/math/english/people/aca/michaelf/papers/mean_value.pdf}{Mean value coordinates}},
  Author                   = {Floater, Michael S},
  Journal                  = CAGD,
  Year                     = {2003},
  Number                   = {1},
  Pages                    = {19--27},
  Volume                   = {20}
}

@InProceedings{Floater2005,
  Title                    = {\href{http://vcg.isti.cnr.it/Publications/2005/FH05/survey_mingle04.pdf}{Surface parameterization: a tutorial and survey}},
  Author                   = {Michael S. Floater and Kai Hormann},
  Booktitle                = {In Advances in Multiresolution for Geometric Modelling},
  Year                     = {2005},
  Pages                    = {157--186},
  Publisher                = {Springer}
}

@Article{Floater2006,
  Title                    = {\href{http://www.mn.uio.no/math/english/people/aca/michaelf/papers/cc_maps_short.pdf}{Convex combination maps over triangulations, tilings, and tetrahedral meshes}},
  Author                   = {Floater, Michael S and Pham-Trong, Val{\'e}rie},
  Journal                  = ADVMATH,
  Year                     = {2006},
  Number                   = {4},
  Pages                    = {347-356},
  Volume                   = {25}
}

@Article{Freitag2002,
  Title                    = {\href{http://www.osti.gov/scitech/servlets/purl/11915}{Tetrahedral mesh improvement via optimization of the element condition number}},
  Author                   = {Freitag, Lori A and Knupp, Patrick M},
  Journal                  = IJNME,
  Year                     = {2002},
  Number                   = {6},
  Pages                    = {1679--1689},
  Volume                   = {53}
}

@Article{Fu2014,
  Title                    = {\href{http://research.microsoft.com/en-us/um/people/yangliu/publication/aniso.pdf}{Anisotropic simplicial meshing using local convex functions}},
  Author                   = {Fu, Xiao-Ming and Liu, Yang and Snyder, John and Guo, Baining},
  Journal                  = SA,
  Year                     = {2014},
  Number                   = {6},
  Pages                    = {182:1--182:11},
  Volume                   = {33},
  ISSN                     = {0730-0301}
}

@Article{Gilles2015,
  Title                    = {\href{https://dl.dropboxusercontent.com/u/82943105/VolumeABF/paper.pdf}{Dihedral angle-based maps of tetrahedral meshes}},
  Author                   = {Gilles-Philippe Paill\'{e} and Nicolas Ray and Pierre Poulin and Alla Sheffer and Bruno L\'{e}vy },
  Journal                  = SIG,
  Year                     = {2015},
  Number                   = {4},
  Pages                    = {54:1--54:10},
  Volume                   = {34}
}

@Article{Goes2014,
  Title                    = {\href{http://www.geometry.caltech.edu/pubs/dGMMD14.pdf}{Weighted triangulations for geometry processing}},
  Author                   = {Goes, Fernando de and Memari, Pooran and Mullen, Patrick and Desbrun, Mathieu},
  Journal                  = TOG,
  Year                     = {2014},
  Number                   = {3},
  Pages                    = {28:1--28:13},
  Volume                   = {33}
}

@Article{Gotsman2003,
  Title                    = {\href{http://www.cs.technion.ac.il/~gotsman/AmendedPubl/SphereCDV/SphereCDV.pdf}{Fundamentals of spherical parameterization for 3D meshes}},
  Author                   = {Gotsman, Craig and Gu, Xianfeng and Sheffer, Alla},
  Journal                  = SIG,
  Year                     = {2003},
  Number                   = {3},
  Pages                    = {358--363},
  Volume                   = {22}
}

@Article{Gregson2011,
  Title                    = {\href{http://web.engr.oregonstate.edu/~zhange/images/rectMeshSGP.pdf}{All-hex mesh generation via volumetric polycube deformation}},
  Author                   = {Gregson, James and Sheffer, Alla and Zhang, Eugene},
  Journal                  = SGP,
  Year                     = {2011},
  Pages                    = {1407--1416},
  Volume                   = {30}
}

@InProceedings{Gu2003,
  Title                    = {\href{http://www.cs.jhu.edu/~misha/ReadingSeminar/Papers/Gu03.pdf}{Global conformal surface parameterization}},
  Author                   = {Gu, Xianfeng and Yau, Shing-Tung},
  Booktitle                = {Symposium on Geometry Processing},
  Year                     = {2003},
  Pages                    = {127--137}
}

@InCollection{Hormann2000,
  Title                    = {\href{http://www.inf.usi.ch/hormann/papers/Hormann.2000.MAE.pdf}{{MIPS}: An efficient global parametrization method}},
  Author                   = {K. Hormann and G. Greiner},
  Booktitle                = {Curve and Surface Design: Saint-Malo 1999},
  Publisher                = {Vanderbilt University Press},
  Year                     = {2000},
  Pages                    = {153--162}
}

@PhdThesis{Hormann2001,
  Title                    = {\href{http://www.inf.usi.ch/hormann/papers/Hormann.2001.TAA.pdf}{Theory and Applications of Parameterizing Triangulations}},
  Author                   = {K. Hormann},
  School                   = {Department of Computer Science, University of Erlangen},
  Year                     = {2001}
}

@Article{Huang2014,
  Title                    = {\href{http://www.cad.zju.edu.cn/home/hj/14/l1-poly/l1-poly.pdf}{$l_1$-based construction of polycube maps from complex shapes}},
  Author                   = {Huang, Jin and Jiang, Tengfei and Shi, Zeyun and Tong, Yiying and Bao, Hujun and Desbrun, Mathieu},
  Journal                  = TOG,
  Year                     = {2014},
  Number                   = {3},
  Pages                    = {25:1--25:11},
  Volume                   = {33}
}

@Article{Igarashi2005,
  Title                    = {\href{http://www-ui.is.s.u-tokyo.ac.jp/~takeo/papers/rigid.pdf}{As-rigid-as-possible shape manipulation}},
  Author                   = {Igarashi, Takeo and Moscovich, Tomer and Hughes, John F.},
  Journal                  = SIG,
  Year                     = {2005},
  Number                   = {3},
  Pages                    = {1134--1141},
  Volume                   = {24}
}

@Book{Ivanov1994,
  Title                    = {\href{https://www.crcpress.com/Minimal-NetworksThe-Steiner-Problem-and-Its-Generalizations/Ivanov-Tuzhilin/9780849386428}{Minimal Networks: The Steiner Problem and Its Generalizations}},
  Author                   = {Alexander O. Ivanov and Alexei A. Tuzhilin},
  Publisher                = {CRC Press},
  Year                     = {1994}
}

@Article{Jiao2011,
  Title                    = {\href{http://www.imr.sandia.gov/papers/imr17/Jiao.pdf}{Simple and effective variational optimization of surface and volume triangulations}},
  Author                   = {Jiao, Xiangmin and Wang, Duo and Zha, Hongyuan},
  Journal                  = ENGCOM,
  Year                     = {2011},
  Number                   = {1},
  Pages                    = {315--332},
  Volume                   = {27}
}

@Article{Jin2014,
  Title                    = {\href{http://www.cad.zju.edu.cn/home/hj/14/remesh-deform/remesh-deform.pdf}{Remeshing-assisted optimization for locally injective mappings}},
  Author                   = {Jin, Yao and Huang, Jin and Tong, Ruofeng},
  Journal                  = SGP,
  Year                     = {2014},
  Number                   = {5},
  Pages                    = {269--279},
  Volume                   = {33}
}

@Article{Joshi2007,
  Title                    = {\href{http://graphics.pixar.com/library/HarmonicCoordinatesB/paper.pdf}{Harmonic Coordinates for Character Articulation}},
  Author                   = {Joshi, Pushkar and Meyer, Mark and DeRose, Tony and Green, Brian and Sanocki, Tom},
  Journal                  = SIG,
  Year                     = {2007},
  Number                   = {3},
  Pages                    = {71:1-71:10},
  Volume                   = {26}
}

@Article{Ju2005,
  Title                    = {\href{http://www.cs.wustl.edu/~taoju/research/meanvalue.pdf}{Mean Value Coordinates for Closed Triangular Meshes}},
  Author                   = {Ju, Tao and Schaefer, Scott and Warren, Joe},
  Journal                  = SIG,
  Year                     = {2005},
  Number                   = {3},
  Pages                    = {561--566},
  Volume                   = {24}
}

@Article{Kharevych2006,
  Title                    = {\href{http://www.cs.jhu.edu/~misha/Fall09/Kharevych06.pdf}{Discrete conformal mappings via circle patterns}},
  Author                   = {Kharevych, Liliya and Springborn, Boris and Schr\"{o}der, Peter},
  Journal                  = TOG,
  Year                     = {2006},
  Number                   = {2},
  Pages                    = {412--438},
  Volume                   = {25}
}

@InProceedings{Klingner2008,
  Title                    = {\href{http://www.cs.berkeley.edu/b-cam/Papers/Klingner-2007-ATM.pdf}{Aggressive tetrahedral mesh improvement}},
  Author                   = {Klingner, Bryan Matthew and Shewchuk, Jonathan Richard},
  Booktitle                = IMR,
  Year                     = {2008},
  Pages                    = {3-23}
}

@Article{Knupp2001,
  Title                    = {\href{http://personales.dcc.uchile.cl/~cgallegu/cc60q/quality_meshes.pdf}{Algebraic mesh quality metrics}},
  Author                   = {Patrick M. Knupp},
  Journal                  = {SIAM J. Sci. Comput.},
  Year                     = {2001},
  Number                   = {1},
  Pages                    = {193--218},
  Volume                   = {23},
}

@Article{Knupp2001a,
  Title                    = {\href{http://rd.springer.com/article/10.1007%2Fs003660170006}{Hexahedral and tetrahedral mesh untangling}},
  Author                   = {Knupp, Patrick M},
  Journal                  = ENGCOM,
  Year                     = {2001},
  Number                   = {3},
  Pages                    = {261--268},
  Volume                   = {17}
}

@Article{Kovalsky2014,
  Title                    = {\href{http://www.wisdom.weizmann.ac.il/~shaharko/projects/ContSingVal_lowRes.pdf}{Controlling singular values with semidefinite programming}},
  Author                   = {Kovalsky, Shahar Z. and Aigerman, Noam and Basri, Ronen and Lipman, Yaron},
  Journal                  = SIG,
  Year                     = {2014},
  Number                   = {4},
  Pages                    = {68:1--68:13},
  Volume                   = {33}
}

@Article{Kovalsky2015,
  Title                    = {\href{http://www.wisdom.weizmann.ac.il/~ylipman/2015_LargeScaleBD.pdf}{Large-scale bounded distortion mappings}},
  Author                   = {Kovalsky, Shahar Z. and Aigerman, Noam and Basri, Ronen and Lipman, Yaron},
  Journal                  = SA,
  Year                     = {2015},
  Number                   = {6},
  Pages                    = {191:1--191:10},
  Volume                   = {34},
}

@Article{Levi2014,
  Title                    = {\href{https://www.dropbox.com/s/t1npb5uxnobuy93/strictmin.pdf?dl=0}{Strict minimizers for geometric optimization}},
  Author                   = {Levi, Zohar and Zorin, Denis},
  Journal                  = SIG,
  Year                     = {2014},
  Number                   = {6},
  Pages                    = {185:1--185:14},
  Volume                   = {33}
}

@Article{Levy2002,
  Title                    = {\href{http://alice.loria.fr/publications/papers/2002/lscm/lscm.pdf}{Least squares conformal maps for automatic texture atlas generation}},
  Author                   = {L{\'e}vy, Bruno and Petitjean, Sylvain and Ray, Nicolas and Maillot, J{\'e}rome},
  Journal                  = SIG,
  Year                     = {2002},
  Number                   = {3},
  Pages                    = {362--371},
  Volume                   = {21}
}

@InProceedings{Li2007,
  Title                    = {\href{https://www.utd.edu/~xxg061000/xinli_SPM07.pdf}{Harmonic volumetric mapping for solid modeling applications}},
  Author                   = {Li, Xin and Guo, Xiaohu and Wang, Hongyu and He, Ying and Gu, Xianfeng and Qin, Hong},
  Booktitle                = {the 2007 ACM Symposium on Solid and Physical Modeling},
  Year                     = {2007},
  Pages                    = {109--120}
}

@Article{Li2012,
  Title                    = {\href{http://research.microsoft.com/en-us/um/people/yangliu/publication/allhex.pdf}{All-hex meshing using singularity-restricted field}},
  Author                   = {Li, Yufei and Liu, Yang and Xu, Weiwei and Wang, Wenping and Guo, Baining},
  Journal                  = SA,
  Year                     = {2012},
  Number                   = {6},
  Pages                    = {177:1--177:11},
  Volume                   = {31}
}

@Article{Li2013,
  Title                    = {\href{http://cg.cs.tsinghua.edu.cn/papers/sig_2013_CubicMVC.pdf}{Cubic Mean Value Coordinates}},
  Author                   = {Li, Xian-Ying and Ju, Tao and Hu, Shi-Min},
  Journal                  = SIG,
  Year                     = {2013},
  Number                   = {4},
  Pages                    = {126:1--126:10},
  Volume                   = {32}
}

@Article{Lipman2008,
  Title                    = {\href{http://www.wisdom.weizmann.ac.il/~ylipman/GC/gc_techrep.pdf}{Green Coordinates}},
  Author                   = {Lipman, Yaron and Levin, David and Cohen-Or, Daniel},
  Journal                  = SIG,
  Year                     = {2008},
  Number                   = {3},
  Pages                    = {78:1--78:10},
  Volume                   = {27}
}

@Article{Lipman2012,
  Title                    = {\href{http://www.wisdom.weizmann.ac.il/~ylipman/BoundedDistortion/bounded_distortion_may_1.pdf}{Bounded distortion mapping spaces for triangular meshes}},
  Author                   = {Lipman, Yaron},
  Journal                  = SIG,
  Year                     = {2012},
  Number                   = {4},
  Pages                    = {108:1--108:13},
  Volume                   = {31}
}

@Article{Liu2008,
  Title                    = {\href{http://www.cs.harvard.edu/~sjg/papers/arap.pdf}{A local/global approach to mesh parameterization}},
  Author                   = {Liu, Ligang and Zhang, Lei and Xu, Yin and Gotsman, Craig and Gortler, Steven J.},
  Journal                  = SGP,
  Year                     = {2008},
  Number                   = {5},
  Pages                    = {1495--1504},
  Volume                   = {27}
}

@Article{Ma2015,
  Title                    = {\href{http://ieeexplore.ieee.org/stamp/stamp.jsp?tp=\&arnumber=6942245}{Foldover-free mesh warping for constrained texture mapping}},
  Author                   = {Yuewen Ma and Jianmin Zheng and Jian Xie},
  Journal                  = TVCG,
  Year                     = {2015},
  Number                   = {3},
  Pages                    = {375-388},
  Volume                   = {21},
  ISSN                     = {1077-2626}
}

@InProceedings{Memari2011,
  Title                    = {\href{http://www.geometry.caltech.edu/pubs/MMD11.pdf}{Parameterization of generalized primal-dual triangulations}},
  Author                   = {Pooran Memari and Patrick Mullen and Mathieu Desbrun},
  Booktitle                = IMR,
  Year                     = {2011}
}

@Article{Myles2014,
  Title                    = {\href{http://ashishmyles.com/projects/files/14fieldtrace.pdf}{Robust field-aligned global parametrization}},
  Author                   = {Myles, Ashish and Pietroni, Nico and Zorin, Denis},
  Journal                  = SIG,
  Year                     = {2014},
  Number                   = {4},
  Pages                    = {135:1--135:14},
  Volume                   = {33}
}

@Book{Nocedal2006,
  Title                    = {\href{http://users.eecs.northwestern.edu/~nocedal/book/num-opt.html}{Numerical Optimization}},
  Author                   = {Jorge Nocedal and Stephen Wright},
  Publisher                = {Springer},
  Year                     = {2006},
  Edition                  = {2nd}
}

@Article{Poranne2014,
  Title                    = {\href{http://www.wisdom.weizmann.ac.il/~roip/papers/provably.pdf}{Provably good planar mappings}},
  Author                   = {Poranne, Roi and Lipman, Yaron},
  Journal                  = SIG,
  Year                     = {2014},
  Number                   = {4},
  Pages                    = {76:1--76:11},
  Volume                   = {33}
}

@InProceedings{Sander2001,
  Title                    = {\href{http://research.microsoft.com/en-us/um/people/hoppe/tmpm.pdf}{Texture mapping progressive meshes}},
  Author                   = {Sander, Pedro V. and Snyder, John and Gortler, Steven J. and Hoppe, Hugues},
  Booktitle                = {SIGGRAPH '01},
  Year                     = {2001},
  Pages                    = {409--416}
}

@Article{Sastry2014,
  Title                    = {\href{http://www.cse.psu.edu/~shontz/ewc2012.pdf}{A log-barrier method for mesh quality improvement and untangling}},
  Author                   = {Sastry, Shankar P and Shontz, Suzanne M and Vavasis, Stephen A},
  Journal                  = ENGCOM,
  Year                     = {2014},
  Number                   = {3},
  Pages                    = {315--329},
  Volume                   = {30}
}

@Article{Schaefer2006,
  Title                    = {\href{http://faculty.cse.tamu.edu/schaefer/research/mls.pdf}{Image deformation using moving least squares}},
  Author                   = {Schaefer, Scott and McPhail, Travis and Warren, Joe},
  Journal                  = SIG,
  Year                     = {2006},
  Number                   = {3},
  Pages                    = {533--540},
  Volume                   = {25}
}

@Article{Schuller2013,
  Title                    = {\href{http://igl.ethz.ch/projects/LIM/LIM-2013-schueller.pdf}{Locally injective mappings}},
  Author                   = {Christian Sch{\"u}ller and Ladislav Kavan and Daniele Panozzo and Olga Sorkine-Hornung},
  Journal                  = SGP,
  Year                     = {2013},
  Number                   = {5},
  Pages                    = {125--135},
  Volume                   = {32}
}

@InProceedings{Sederberg1986,
  Title                    = {\href{http://www.lmc.ep.usp.br/pesquisas../BEM/cg/sederberg/ffd.pdf}{Free-form deformation of solid geometric models}},
  Author                   = {Sederberg, Thomas W. and Parry, Scott R.},
  Booktitle                = {SIGGRAPH},
  Year                     = {1986},
  Pages                    = {151-160},
  Journal                  = {SIGGRAPH}
}

@Article{Sheffer2001,
  Title                    = {\href{http://www.math.vt.edu/people/sturler/Publications/EWC_ParmFactdSurfMshABF.pdf}{Parameterization of faceted surfaces for meshing using angle-based flattening}},
  Author                   = {Sheffer, Alla and de Sturler, Eric},
  Journal                  = ENGCOM,
  Year                     = {2001},
  Number                   = {3},
  Pages                    = {326--337},
  Volume                   = {17}
}

@Article{Sheffer2005,
  Title                    = {\href{http://www.cs.ubc.ca/~sheffa/papers/abf_plus_plus.pdf}{ABF++: fast and robust angle based flattening}},
  Author                   = {Sheffer, Alla and L{\'e}vy, Bruno and Mogilnitsky, Maxim and Bogomyakov, Alexander},
  Journal                  = TOG,
  Year                     = {2005},
  Number                   = {2},
  Pages                    = {311--330},
  Volume                   = {24}
}

@Article{Sheffer2006,
  Title                    = {\href{http://www.cs.ubc.ca/~sheffa/papers/CGV011-journal.pdf}{Mesh parameterization methods and their applications}},
  Author                   = {Sheffer, Alla and Praun, Emil and Rose, Kenneth},
  Journal                  = {Found. Trends. Comput. Graph. Vis.},
  Year                     = {2006},
  Number                   = {2},
  Pages                    = {105--171},
  Volume                   = {2}
}

@Article{Smith2015,
 Author                     = {Smith, Jason and Schaefer, Scott},
 Title                      = {\href{http://faculty.cs.tamu.edu/schaefer/research/bijective.pdf}{Bijective Parameterization with Free Boundaries}},
 Journal                    = SIG,
 Volume                     = {34},
 Number                     = {4},
 Year                       = {2015},
 Pages                      = {70:1--70:9},
}

@Article{Solomon2011,
  Title                    = {\href{http://web.stanford.edu/~justso1/assets/kvf_deformation.pdf}{As-killing-as-possible vector fields for planar deformation}},
  Author                   = {Solomon, Justin and Ben-Chen, Mirela and Butscher, Adrian and Guibas, Leonidas},
  Journal                  = SGP,
  Year                     = {2011},
  Number                   = {5},
  Pages                    = {1543--1552},
  Volume                   = {30}
}

@InProceedings{Sorkine2002,
  Title                    = {\href{http://igl.ethz.ch/projects/parameterization/BDPMP/sorkine02.pdf}{Bounded-distortion piecewise mesh parameterization}},
  Author                   = {Sorkine, Olga and Cohen-Or, Daniel and Goldenthal, Rony and Lischinski, Dani},
  Booktitle                = {the Conference on Visualization '02},
  Year                     = {2002},
  Pages                    = {355--362},
}

@InProceedings{Sorkine2004,
  Title                    = {Laplacian Surface Editing},
  Author                   = {Sorkine, O. and Cohen-Or, D. and Lipman, Y. and Alexa, M. and R\"{o}ssl, C. and Seidel, H.-P.},
  Booktitle                = SGPOLD,
  Year                     = {2004},
  Pages                    = {175--184},
}

@InProceedings{Sorkine2007,
  Title                    = {\href{http://www.igl.ethz.ch/projects/ARAP/arap_web.pdf}{As-rigid-as-possible surface modeling}},
  Author                   = {Olga Sorkine and Marc Alexa},
  Booktitle                = {Symposium on Geometry Processing},
  Year                     = {2007},
  Pages                    = {109--116}
}

@Article{Springborn2008,
  Title                    = {\href{http://www.multires.caltech.edu/pubs/ConfEquiv.pdf}{Conformal equivalence of triangle meshes}},
  Author                   = {Springborn, Boris and Schr\"{o}der, Peter and Pinkall, Ulrich},
  Journal                  = SIG,
  Year                     = {2008},
  Number                   = {3},
  Pages                    = {77:1--77:11},
  Volume                   = {27}
}

@Unpublished{Tappenden2013,
  Title                    = {\href{http://arxiv.org/pdf/1304.5530v2}{Inexact coordinate descent: complexity and preconditioning}},
  Author                   = {Tappenden, Rachael and Richt{\'a}rik, Peter and Gondzio, Jacek},
  Note                     = {{\tt arXiv:1304.5530v2 [math.OC]}},
  Year                     = {2013}
}

@Article{Tournois2009,
  Title                    = {\href{http://www.geometry.caltech.edu/pubs/TWAD09.pdf}{Interleaving Delaunay refinement and optimization for practical isotropic tetrahedron mesh generation}},
  Author                   = {Tournois, Jane and Wormser, Camille and Alliez, Pierre and Desbrun, Mathieu},
  Journal                  = SIG,
  Year                     = {2009},
  Number                   = {3},
  Pages                    = {75:1--75:9},
  Volume                   = {28}
}

@InProceedings{Tutte1963,
  Title                    = {\href{http://www.cs.jhu.edu/~misha/Fall07/Papers/Tutte63.pdf}{How to draw a graph}},
  Author                   = {W.~T. Tutte},
  Booktitle                = {the London Mathematical Society},
  Year                     = {1963},
  Pages                    = {747--767},
  Volume                   = {13}
}

@Article{Vouga2012,
  Title                    = {\href{http://www.geometrie.tugraz.at/wallner/selfsupporting.pdf}{Design of self-supporting surfaces}},
  Author                   = {Vouga, Etienne and H\"{o}binger, Mathias and Wallner, Johannes and Pottmann, Helmut},
  Journal                  = SIG,
  Year                     = {2012},
  Number                   = {4},
  Pages                    = {87:1--87:11},
  Volume                   = {31},
}

@Article{Vrahatis2003,
  Title                    = {\href{http://http://www.dcs.bbk.ac.uk/~gmagoulas/APNUM.PDF}{From linear to nonlinear iterative methods}},
  Author                   = {M.N. Vrahatis and G.D. Magoulas and V.P. Plagianakos},
  Journal                  = ANM,
  Year                     = {2003},
  Pages                    = {59-77},
  Volume                   = {45}
}

@InProceedings{Wardetzky2007,
  Title                    = {\href{http://ddg.math.uni-goettingen.de/pub/laplacian.pdf}{Discrete Laplace operators: no free lunch}},
  Author                   = {Wardetzky, Max and Mathur, Saurabh and K\"{a}lberer, Felix and Grinspun, Eitan},
  Booktitle                = {Symp. on Geom. Proc.},
  Year                     = {2007}
}

@Article{Weber2012,
  Title                    = {\href{http://mrl.nyu.edu/~dzorin/papers/weber2012ceq.pdf}{Computing extremal quasiconformal maps}},
  Author                   = {Weber, Ofir and Myles, Ashish and Zorin, Denis},
  Journal                  = CGF,
  Year                     = {2012},
  Number                   = {5},
  Pages                    = {1679--1689},
  Volume                   = {31}
}

@Article{Weber2012BC,
  Title                    = {\href{http://www.cs.technion.ac.il/~gotsman/AmendedPubl/Roi/biharmonic.pdf}{Biharmonic Coordinates}},
  Author                   = {Weber, Ofir and Poranne, Roi and Gotsman, Craig},
  Journal                  = CGF,
  Year                     = {2012},
  Number                   = {8},
  Pages                    = {2409--2422},
  Volume                   = {31}
}

@Article{Weber2014,
  Title                    = {\href{http://www.eng.biu.ac.il/~weberof/Publications/Selfoverlapping/Locally_Injective_Parametrization_with_Arbitrary_Fixed_Boundaries.pdf}{Locally injective parametrization with arbitrary fixed boundaries}},
  Author                   = {Weber, Ofir and Zorin, Denis},
  Journal                  = SIG,
  Year                     = {2014},
  Number                   = {4},
  Pages                    = {75:1--75:12},
  Volume                   = {33}
}

@Conference{Xia2010,
  Title                    = {\href{http://gmp.sce.ntu.edu.sg/papers/gmp10_star.pdf}{Parameterization of star-shaped volumes using Green's functions}},
  Author                   = {Xia, Jiazhi and He, Ying and Han, Shuchu and Fu, Chi-Wing and Luo, Feng and Gu, Xianfeng},
  Booktitle                = {Advances in geometric modeling and processing},
  Year                     = {2010},
  Pages                    = {219-235}
}

@Article{Xu2011,
  Title                    = {\href{http://www.cs.technion.ac.il/~gotsman/AmendedPubl/Yin/CAGD.pdf}{Embedding a triangular graph within a given boundary}},
  Author                   = {Xu, Yin and Chen, Renjie and Gotsman, Craig and Liu, Ligang},
  Journal                  = CAGD,
  Year                     = {2011},
  Number                   = {6},
  Pages                    = {349--356},
  Volume                   = {28}
}

@Article{Xu2013,
  Title                    = {\href{http://www.caam.rice.edu/~wy1/paperfiles/Rice_CAAM_TR12-15_Multiconvex_BCD.PDF}{A block coordinate descent method for regularized multiconvex optimization with applications to nonnegative tensor factorization and completion}},
  Author                   = {Xu, Y. and Yin, W.},
  Journal                  = {SIAM J. Imaging Sci.},
  Year                     = {2013},
  Number                   = {3},
  Pages                    = {1758-1789},
  Volume                   = {6}
}

@Article{Xu2013TVCG,
  Title                    = {\href{http://www.cct.lsu.edu/~huanxu4/papers/XuTVCG12.pdf}{Biharmonic volumetric mapping using fundamental solutions}},
  Author                   = {Xu, Huanhuan and Yu, Wuyi and Gu, Shiyuan and Li, Xin},
  Journal                  = TVCG,
  Year                     = {2013},
  Number                   = {5},
  Pages                    = {787-798},
  Volume                   = {19}
}

@Article{Yu2014,
  Title                    = {\href{http://www.ece.lsu.edu/xinli/Research/PolycubeOpt_CAD14.pdf}{Optimizing polycube domain construction for hexahedral remeshing}},
  Author                   = {Wuyi Yu and Kang Zhang and Shenghua Wan and Xin Li},
  Journal                  = CAD,
  Year                     = {2014},
  Pages                    = {58--68},
  Volume                   = {46}
}

@InProceedings{Zayer2007,
  Title                    = {\href{http://www.loria.fr/~zayer/pappe/linabp.pdf}{Linear angle based parameterization}},
  Author                   = {Zayer, Rhaleb and L{\'e}vy, Bruno and Seidel, Hans-Peter},
  Booktitle                = SGPOLD,
  Year                     = {2007},
  Pages                    = {135--141}
}

@Article{Zhang2014,
  Title                    = {\href{http://staff.ustc.edu.cn/~juyong/Papers/LBC.pdf}{Local Barycentric Coordinates}},
  Author                   = {Juyong Zhang and Bailin Deng and Zishun Liu and Giuseppe Patan\`{e} and Sofien Bouaziz and Kai Hormann and Ligang Liu},
  Journal                  = SIG,
  Year                     = {2014},
  Pages                    = {188:1--188:12},
  Volume                   = {33},
  Issue                    = {6}
}
